@article{robillard2015recommending,
  title={Recommending reference {API} documentation},
  author={Robillard, Martin P and Chhetri, Yam B},
  journal={Empirical Software Engineering},
  volume={20},
  number={6},
  pages={1558--1586},
  year={2015},
  publisher={Springer}
}

@inproceedings{treude2016augmenting,
  title={Augmenting {API} documentation with insights from {S}tack {O}verflow},
  author={Treude, Christoph and Robillard, Martin P},
  booktitle={2016 IEEE/ACM 38th International Conference on Software Engineering (ICSE)},
  pages={392--403},
  year={2016},
  organization={IEEE}
}

@inproceedings{rahman2014towards,
  title={Towards a context-aware {IDE}-based meta search engine for recommendation about programming errors and exceptions},
  author={Rahman, Mohammad Masudur and Yeasmin, Shamima and Roy, Chanchal K},
  booktitle={2014 Software Evolution Week-IEEE Conference on Software Maintenance, Reengineering, and Reverse Engineering (CSMR-WCRE)},
  pages={194--203},
  year={2014},
  organization={IEEE}
}

@INPROCEEDINGS{icsme2014masud, 
author={M. M. Rahman and C. K. Roy}, 
booktitle={Proc. ICSME}, 
title={Surf{C}lipse: Context-Aware Meta-search in the {IDE}}, 
year={2014}, 
pages={617-620} }

@article{efthimiadis1996query,
  title={Query Expansion},
  author={Efthimiadis, Efthimis N},
  journal={Annual review of information science and technology (ARIST)},
  volume={31},
  pages={121--87},
  year={1996},
  publisher={ERIC}
}

@inproceedings{guo2014towards,
  title={Towards an intelligent domain-specific traceability solution},
  author={Guo, Jin and Monaikul, Natawut and Plepel, Cody and Cleland-Huang, Jane},
  booktitle={Proceedings of the 29th ACM/IEEE international conference on Automated software engineering},
  pages={755--766},
  year={2014},
  organization={ACM}
}

@inproceedings{marcus2005and,
  title={When and how to visualize traceability links?},
  author={Marcus, Andrian and Xie, Xinrong and Poshyvanyk, Denys},
  booktitle={Proceedings of the 3rd international workshop on Traceability in emerging forms of software engineering},
  pages={56--61},
  year={2005},
  organization={ACM}
}

@inproceedings{smith2007overview,
  title={An overview of the {Tesseract OCR} engine},
  author={Smith, Ray},
  booktitle={Ninth International Conference on Document Analysis and Recognition (ICDAR 2007)},
  volume={2},
  pages={629--633},
  year={2007},
  organization={IEEE}
}

@article{devlin2018bert,
  title={Bert: Pre-training of deep bidirectional transformers for language understanding},
  author={Devlin, Jacob and Chang, Ming-Wei and Lee, Kenton and Toutanova, Kristina},
  journal={arXiv preprint arXiv:1810.04805},
  year={2018}
}

@inproceedings{ye2016learning,
  title={Learning to extract api mentions from informal natural language discussions},
  author={Ye, Deheng and Xing, Zhenchang and Foo, Chee Yong and Li, Jing and Kapre, Nachiket},
  booktitle={2016 IEEE International Conference on Software Maintenance and Evolution (ICSME)},
  pages={389--399},
  year={2016},
  organization={IEEE}
}

@article{ma2019easy,
  title={Easy-to-Deploy API Extraction by Multi-Level Feature Embedding and Transfer Learning},
  author={Ma, Suyu and Xing, Zhenchang and Chen, Chunyang and Chen, Cheng and Qu, Lizhen and Li, Guoqiang},
  journal={IEEE Transactions on Software Engineering},
  year={2019},
  publisher={IEEE}
}

@article{Ye:2018:AAR:3296848.3296902,
 author = {Ye, Deheng and Bao, Lingfeng and Xing, Zhenchang and Lin, Shang-Wei},
 title = {APIReal: An API Recognition and Linking Approach for Online Developer Forums},
 journal = {Empirical Softw. Eng.},
 issue_date = {December  2018},
 volume = {23},
 number = {6},
 month = dec,
 year = {2018},
 issn = {1382-3256},
 pages = {3129--3160},
 numpages = {32},
 url = {https://doi.org/10.1007/s10664-018-9608-7},
 doi = {10.1007/s10664-018-9608-7},
 acmid = {3296902},
 publisher = {Kluwer Academic Publishers},
 address = {Norwell, MA, USA},
} 

@techreport{page1999pagerank,
  title={The PageRank citation ranking: Bringing order to the web.},
  author={Page, Lawrence and Brin, Sergey and Motwani, Rajeev and Winograd, Terry},
  year={1999},
  institution={Stanford InfoLab}
}

@inproceedings{el2001linking,
  title={Linking in context},
  author={El-Beltagy, Samhaa R and Hall, Wendy and De Roure, David and Carr, Leslie},
  booktitle={Proceedings of the 12th ACM conference on Hypertext and Hypermedia},
  pages={151--160},
  year={2001},
  organization={ACM}
}

@article{luhn1960key,
  title={Key word-in-context index for technical literature (kwic index)},
  author={Luhn, Hans Peter},
  journal={American Documentation},
  volume={11},
  number={4},
  pages={288--295},
  year={1960},
  publisher={Wiley Online Library}
}

@inproceedings{dalton2014entity,
  title={Entity query feature expansion using knowledge base links},
  author={Dalton, Jeffrey and others},
  booktitle={Proceedings of the 37th international ACM SIGIR conference on Research \& development in information retrieval},
  pages={365--374},
  year={2014},
  organization={ACM}
}

@inproceedings{dalton2013neighborhood,
  title={A neighborhood relevance model for entity linking},
  author={Dalton, Jeffrey and others},
  booktitle={Proceedings of the 10th Conference on Open Research Areas in Information Retrieval},
  pages={149--156},
  year={2013},
  organization={LE CENTRE DE HAUTES ETUDES INTERNATIONALES D'INFORMATIQUE DOCUMENTAIRE}
}

@article{meng2019developers,
  title={How developers use API documentation: an observation study},
  author={Meng, Michael and Steinhardt, Stephanie and Schubert, Andreas},
  journal={Communication Design Quarterly Review},
  volume={7},
  number={2},
  pages={40--49},
  year={2019},
  publisher={ACM New York, NY, USA}
}