@article{fatemi2019knowledge,
  author    = {Bahare Fatemi and
               Perouz Taslakian and
               David V{\'{a}}zquez and
               David Poole},
  title     = {Knowledge Hypergraphs: Extending Knowledge Graphs Beyond Binary Relations},
  journal   = {CoRR},
  volume    = {abs/1906.00137},
  year      = {2019},
  url       = {http://arxiv.org/abs/1906.00137},
  archivePrefix = {arXiv},
  eprint    = {1906.00137},
  timestamp = {Thu, 13 Jun 2019 13:36:00 +0200},
  biburl    = {https://dblp.org/rec/bib/journals/corr/abs-1906-00137},
  bibsource = {dblp computer science bibliography, https://dblp.org}
}