%! Author = breandan
%! Date = 2/7/20

@misc{considine2019kotlingrad,
    authors = {Considine, Breandan and Famelis, Michalis and Paull, Liam},
    title = {Kotlin{$\nabla$}: A Shape-Safe e{DSL} for Differentiable Programming},
    year = {2019},
    publisher = {GitHub},
    journal = {GitHub repository},
    howpublished = {\url{https://github.com/breandan/kotlingrad}},
}

@article{ekman2007pluggable,
    title={Pluggable checking and inferencing of nonnull types for Java.},
    author={Ekman, Torbj{\"o}rn and Hedin, G{\"o}rel},
    journal={Journal of Object Technology},
    volume={6},
    number={9},
    pages={455--475},
    year={2007},
    publisher={Citeseer}
}

@inproceedings{si2018learning,
    title={Learning loop invariants for program verification},
    author={Si, Xujie and Dai, Hanjun and Raghothaman, Mukund and Naik, Mayur and Song, Le},
    booktitle={Advances in Neural Information Processing Systems},
    pages={7751--7762},
    year={2018}
}

@inproceedings{kovalenko2019pathminer,
    title={PathMiner: a library for mining of path-based representations of code},
    author={Kovalenko, Vladimir and Bogomolov, Egor and Bryksin, Timofey and Bacchelli, Alberto},
    booktitle={Proceedings of the 16th International Conference on Mining Software Repositories},
    pages={13--17},
    year={2019},
    organization={IEEE Press}
}

@article{liddell2019analyzing,
    title={Analyzing the Adoption Rate of Local Variable Type Inference in Open-source Java 10 Projects},
    author={Liddell, Clayton and Kim, Donghoon},
    journal={Journal of the Arkansas Academy of Science},
    volume={73},
    number={1},
    pages={51--54},
    year={2019}
}

@inproceedings{sagae2008shift,
    title={Shift-reduce dependency DAG parsing},
    author={Sagae, Kenji and Tsujii, Jun'ichi},
    booktitle={Proceedings of the 22nd International Conference on Computational Linguistics-Volume 1},
    pages={753--760},
    year={2008},
    organization={Association for Computational Linguistics}
}

@inproceedings{quernheim2012dagger,
    title={Dagger: A toolkit for automata on directed acyclic graphs},
    author={Quernheim, Daniel and Knight, Kevin},
    booktitle={Proceedings of the 10th International Workshop on Finite State Methods and Natural Language Processing},
    pages={40--44},
    year={2012}
}

@inproceedings{henkel2018code,
    title={Code vectors: Understanding programs through embedded abstracted symbolic traces},
    author={Henkel, Jordan and Lahiri, Shuvendu K and Liblit, Ben and Reps, Thomas},
    booktitle={Proceedings of the 2018 26th ACM Joint Meeting on European Software Engineering Conference and Symposium on the Foundations of Software Engineering},
    pages={163--174},
    year={2018}
}

@inproceedings{vinyals2015pointer,
    title={Pointer networks},
    author={Vinyals, Oriol and Fortunato, Meire and Jaitly, Navdeep},
    booktitle={Advances in neural information processing systems},
    pages={2692--2700},
    year={2015}
}

@article{grella2018non,
    title={Non-Projective Dependency Parsing via Latent Heads Representation (LHR)},
    author={Grella, Matteo and Cangialosi, Simone},
    journal={arXiv preprint arXiv:1802.02116},
    year={2018}
}
